@book{lamport1994latex,
  title={{LATEX}: a document preparation system: user's guide and reference manual},
  author={Lamport, Leslie},
  year={1994},
  publisher={Addison-wesley}
}

@misc{raisin_dataset,
  title        = {Raisin Dataset - UCI Machine Learning Repository},
  author       = {UCI},
  year         = {2021},
  url          = {https://archive.ics.uci.edu/ml/datasets/Raisin+Dataset}
}

@misc{htru2_dataset,
  title        = {HTRU2 Dataset - UCI Machine Learning Repository},
  author       = {UCI},
  year         = {2021},
  url          = {https://archive.ics.uci.edu/ml/datasets/HTRU2}
}

@misc{parking_dataset,
  title        = {Parking Birmingham - Open Data Portal},
  author       = {Data.gov.uk},
  year         = {2023},
  url          = {https://data.birmingham.gov.uk/dataset/parking-birmingham}
}

@misc{sklearn,
  title        = {scikit-learn: Machine Learning in Python},
  author       = {Pedregosa, F. and Varoquaux, G. and Gramfort, A. and Michel, V. and others},
  year         = {2011},
  url          = {https://scikit-learn.org/stable/}
}

@misc{knn_diagram,
  title        = {KNN Classification using Scikit-learn},
  author       = {Machine Learning Geek},
  url          = {https://machinelearninggeek.com/knn-classification-using-scikit-learn/},
  note         = {Accessed April 2025}
}

@misc{naive_bayes_diagram,
  title        = {Naive Bayes from Scratch in TensorFlow},
  author       = {Nicolo Valigi},
  url          = {https://nicolovaligi.com/articles/naive-bayes-tensorflow/},
  note         = {Accessed April 2025}
}